<record xmlns="http://www.loc.gov/MARC21/slim" xmlns:xsi="http://www.w3.org/2001/XMLSchema-instance" xsi:schemaLocation="http://www.loc.gov/MARC21/slim http://www.loc.gov/standards/marcxml/schema/MARC21slim.xsd"><leader>     nam a22        4500</leader><controlfield tag="001">002803198</controlfield><controlfield tag="003">NNU</controlfield><controlfield tag="006">m        d        </controlfield><controlfield tag="007">cr cn |||m|||a</controlfield><controlfield tag="008">150313s1972    ir      o    f000 1 araod</controlfield><datafield ind1=" " ind2=" " tag="040"><subfield code="a">NNU</subfield><subfield code="b">eng</subfield><subfield code="c">NNU</subfield></datafield><datafield ind1="1" ind2=" " tag="100"><subfield code="a">R&#299;m&#257;w&#299;, Ma&#7717;m&#363;d.</subfield></datafield><datafield ind1="1" ind2="3" tag="245"><subfield code="a">al-&#699;Ury f&#299; &#7779;a&#7717;r&#257;&#700; layl&#299;yah</subfield><subfield code="h">[electronic resource] /</subfield><subfield code="c">Ma&#7717;m&#363;d al-R&#299;m&#257;w&#299;.</subfield></datafield><datafield ind1=" " ind2=" " tag="260"><subfield code="a">[Baghdad] :</subfield><subfield code="b">Wiz&#257;rat al-I&#699;l&#257;m, Mud&#299;r&#299;yat al-Thaq&#257;fah al-&#699;&#256;mmah,</subfield><subfield code="c">1972.</subfield></datafield><datafield ind1=" " ind2=" " tag="300"><subfield code="a">online resource (63 p.)</subfield></datafield><datafield ind1="1" ind2=" " tag="490"><subfield code="a">Silsilat al-qi&#7779;&#7779;ah wa-al-masra&#7717;&#299;yah ; 11</subfield></datafield><datafield ind1=" " ind2=" " tag="500"><subfield code="a">Essays and short stories.</subfield></datafield><datafield ind1=" " ind2=" " tag="500"><subfield code="a">Part of the Arabic Collections Online (ACO) project, contributed by New York Univeristy Libraries.</subfield></datafield><datafield ind1=" " ind2=" " tag="533"><subfield code="a">Electronic reproduction.</subfield><subfield code="b">New York, N.Y. :</subfield><subfield code="c">New York University,</subfield><subfield code="d">2015.</subfield><subfield code="5">NNU</subfield></datafield><datafield ind1="2" ind2=" " tag="710"><subfield code="a">New York University.</subfield><subfield code="b">Libraries.</subfield></datafield><datafield ind1="0" ind2=" " tag="730"><subfield code="a">Arabic Collections Online.</subfield></datafield><datafield ind1="0" ind2="8" tag="776"><subfield code="i">Print version:</subfield><subfield code="a">R&#299;m&#257;w&#299;, Ma&#7717;m&#363;d.</subfield><subfield code="t">al-&#699;Ury f&#299; &#7779;a&#7717;r&#257;&#700; layl&#299;yah</subfield><subfield code="w">(NNU)002803198</subfield></datafield><datafield ind1=" " ind2="0" tag="830"><subfield code="a">Silsilat al-qi&#7779;&#7779;ah wa-al-masra&#7717;&#299;yah ;</subfield><subfield code="v">11.</subfield></datafield><datafield ind1="4" ind2="0" tag="856"><subfield code="u">http://hdl.handle.net/2333.1/8pk0p514</subfield></datafield><datafield ind1=" " ind2=" " tag="959"><subfield code="a">NNU</subfield><subfield code="b">WEB</subfield><subfield code="c">GENI</subfield><subfield code="t">0</subfield><subfield code="m">Electronic access</subfield><subfield code="s">01</subfield></datafield><datafield ind1=" " ind2=" " tag="999"><subfield code="i">NNU_002803198</subfield><subfield code="s">nyu_aco000555</subfield><subfield code="e">(ERROR-880)</subfield></datafield></record>